%! Author = frigi
%! Date = 5/2/2023

